@BOOK{VCbE:1,
AUTHOR="Eric Sink",
TITLE="Version Control by Example",
PUBLISHER="Pyrenean Gold Press",
YEAR="2011",
}
@BOOK{VC,
AUTHOR="Bryan O'Sullivan",
TITLE="Mercurial: The Definitive Guide",
YEAR="2009",
}
@BOOK{ProGit,
AUTHOR="Scott Chacon and Ben Straub ",
TITLE="Pro Git",
YEAR="2014",
}

@MISC{WEBSITE:1,
	HOWPUBLISHED = "\url{https://www.mercurial-scm.org/guide}",
	AUTHOR = "Mercurial",
	TITLE = "Learning Mercurial in Workflows",
}